@INPROCEEDINGS{fan2010,
author={Junfeng Fan and Xu Guo and De Mulder, E. and Schaumont, P. and Preneel, B. and Verbauwhede, I.},
booktitle={Hardware-Oriented Security and Trust (HOST), 2010 IEEE International Symposium on},
title={State-of-the-art of secure ECC implementations: a survey on known side-channel attacks and countermeasures},
year={2010},
month={June},
pages={76-87},
keywords={public key cryptography;ECC;countermeasure road map;cryptographic primitives;elliptic curve cryptosystems;physical attacks summarization;side channel attack;Design methodology;Electromagnetic devices;Elliptic curve cryptography;Elliptic curves;Energy consumption;Information analysis;Monitoring;Organizing;Roads;Timing;Elliptic curve Cryptosystems;Side-channel attacks},
doi={10.1109/HST.2010.5513110},}

@incollection{fouque2003,
year={2003},
isbn={978-3-540-40833-8},
booktitle={Cryptographic Hardware and Embedded Systems - CHES 2003},
volume={2779},
series={Lecture Notes in Computer Science},
editor={Walter, ColinD. and Koç, ÇetinK. and Paar, Christof},
doi={10.1007/978-3-540-45238-6_22},
title={The Doubling Attack – Why Upwards Is Better than Downwards},
url={http://dx.doi.org/10.1007/978-3-540-45238-6_22},
publisher={Springer Berlin Heidelberg},
keywords={SPA-based analysis; modular exponentiation; scalar multiplication; DPA countermeasures; multiple exponent single data attack},
author={Fouque, Pierre-Alain and Valette, Frederic},
pages={269-280}
}

@incollection{messerges1999,
year={1999},
isbn={978-3-540-66646-2},
booktitle={Cryptographic Hardware and Embedded Systems},
volume={1717},
series={Lecture Notes in Computer Science},
editor={Koç, ÇetinK. and Paar, Christof},
doi={10.1007/3-540-48059-5_14},
title={Power Analysis Attacks of Modular Exponentiation in Smartcards},
url={http://dx.doi.org/10.1007/3-540-48059-5_14},
publisher={Springer Berlin Heidelberg},
author={Messerges, ThomasS. and Dabbish, EzzyA. and Sloan, RobertH.},
pages={144-157},
language={English}
}

@incollection{wiener1999,
year={1999},
isbn={978-3-540-66347-8},
booktitle={Advances in Cryptology — CRYPTO’ 99},
volume={1666},
series={Lecture Notes in Computer Science},
editor={Wiener, Michael},
doi={10.1007/3-540-48405-1_25},
title={Differential Power Analysis},
url={http://dx.doi.org/10.1007/3-540-48405-1_25},
publisher={Springer Berlin Heidelberg},
keywords={differential power analysis; DPA; SPA; cryptanalysis; DES},
author={Kocher, Paul and Jaffe, Joshua and Jun, Benjamin},
pages={388-397},
language={English}
}

@incollection{coron1999,
year={1999},
isbn={978-3-540-66646-2},
booktitle={Cryptographic Hardware and Embedded Systems},
volume={1717},
series={Lecture Notes in Computer Science},
editor={Koç, ÇetinK. and Paar, Christof},
doi={10.1007/3-540-48059-5_25},
title={Resistance Against Differential Power Analysis For Elliptic Curve Cryptosystems},
url={http://dx.doi.org/10.1007/3-540-48059-5_25},
publisher={Springer Berlin Heidelberg},
keywords={Elliptic curve; power consumption; Differential Power Analysis},
author={Coron, Jean-Sébastien},
pages={292-302},
language={English}
}

@article{gordon1998129,
title = "A Survey of Fast Exponentiation Methods ",
journal = "Journal of Algorithms ",
volume = "27",
number = "1",
pages = "129 - 146",
year = "1998",
note = "",
issn = "0196-6774",
doi = "http://dx.doi.org/10.1006/jagm.1997.0913",
url = "http://www.sciencedirect.com/science/article/pii/S0196677497909135",
author = "Daniel M. Gordon"
}

@incollection{gandolfi2001,
    year={2001},
    isbn={978-3-540-42521-2},
    booktitle={Cryptographic Hardware and Embedded Systems - CHES 2001},
    volume={2162},
    series={Lecture Notes in Computer Science},
    doi={10.1007/3-540-44709-1_21},
    title={Electromagnetic Analysis: Concrete Results},
    publisher={Springer Berlin Heidelberg},
    author={Gandolfi, Karine and Mourtel, Christophe and Olivier, Francis},
    pages={251-261},
    language={English}
}

@article{kenworthy2012,
    year={2012},
    title={Mobile Device Security: The case for side channel resistance.},
    author={Kenworthy, Gary and Rohatgi, Pankaj},
    journal={Cryptography Research Inc}
}

@phdthesis{ho2005analysis,
  title={EM Analysis of ECC Computations on Mobile Devices},
  author={Ho, Simon CK},
  year={2005},
  school={University of Waterloo}
}
